<?xml version="1.0" encoding="UTF-8" standalone="no"?><searchRetrieveResponse xmlns="http://www.loc.gov/zing/srw/">
  <version>1.2</version>
  <numberOfRecords>1</numberOfRecords>
  <records>
    <record>
      <recordSchema>marcxml</recordSchema>
      <recordPacking>xml</recordPacking>
      <recordData>
        <record xmlns="http://www.loc.gov/MARC21/slim">
          <leader>     nam a22     4c 4500</leader>
          <controlfield tag="001">991171851191305501</controlfield>
          <controlfield tag="007">cr |||||||||||</controlfield>
          <controlfield tag="008">180619s2015    xxk|||||o    |00| ||eng d</controlfield>
          <datafield ind1=" " ind2=" " tag="020">
            <subfield code="a">9781315772493</subfield>
            <subfield code="q">eISBN</subfield>
          </datafield>
          <datafield ind1=" " ind2=" " tag="020">
            <subfield code="z">9781317678595</subfield>
            <subfield code="q">vom Anbieter verwendete eISBN</subfield>
          </datafield>
          <datafield ind1=" " ind2=" " tag="020">
            <subfield code="z">978-1-138-77765-1</subfield>
            <subfield code="q">Druckausgabe (hbk)</subfield>
          </datafield>
          <datafield ind1=" " ind2=" " tag="035">
            <subfield code="a">(UNILI)000440957LLB01</subfield>
          </datafield>
          <datafield ind1=" " ind2=" " tag="040">
            <subfield code="a">LI-VaLIL FLFHL</subfield>
            <subfield code="b">ger</subfield>
            <subfield code="e">rda</subfield>
          </datafield>
          <datafield ind1="0" ind2=" " tag="041">
            <subfield code="a">eng</subfield>
          </datafield>
          <datafield ind1="0" ind2="0" tag="245">
            <subfield code="a">Bourdieu's theory of social fields</subfield>
            <subfield code="b">concepts and applications</subfield>
            <subfield code="c">edited by Mathieu Hilgers and Eric Mangez</subfield>
          </datafield>
          <datafield ind1=" " ind2=" " tag="250">
            <subfield code="a">First edition</subfield>
          </datafield>
          <datafield ind1=" " ind2="1" tag="264">
            <subfield code="a">Abingdon, Oxon</subfield>
            <subfield code="b">Routledge Taylor &amp; Francis Group</subfield>
            <subfield code="c">2015</subfield>
          </datafield>
          <datafield ind1=" " ind2=" " tag="300">
            <subfield code="a">1 Online-Ressource (xvi, 290 Seiten)</subfield>
          </datafield>
          <datafield ind1=" " ind2=" " tag="336">
            <subfield code="b">txt</subfield>
            <subfield code="2">rdacontent</subfield>
          </datafield>
          <datafield ind1=" " ind2=" " tag="337">
            <subfield code="b">c</subfield>
            <subfield code="2">rdamedia</subfield>
          </datafield>
          <datafield ind1=" " ind2=" " tag="338">
            <subfield code="b">cr</subfield>
            <subfield code="2">rdacarrier</subfield>
          </datafield>
          <datafield ind1="0" ind2=" " tag="490">
            <subfield code="a">Routledge advances in sociology</subfield>
          </datafield>
          <datafield ind1=" " ind2=" " tag="520">
            <subfield code="a">About this book Bourdieu’s theory of social fields is one of his key contributions to social sciences and humanities. However, it has never been subjected to genuine critical examination. This book fills that gap and offers a clear and wide-ranging introduction to the theory. It includes a critical discussion of its methodology and relevance in different subject areas in the social sciences and humanities. Part I "theoretical investigations" offers a theoretical account of the theory, while also identifying some of its limitations and discussing several strategies to overcome them. Part II "Education, culture and organization" presents the theory at work and highlights its advantages and disadvantages. The focus in Part III devoted to "The State" is on the formation and evolution of the State and public policy in different contexts. The chapters show the usefulness of field theory in describing, explaining and understanding the functioning of the State at different stages in its historical trajectory including its recent redefinition with the advent of the neoliberal age. A last chapter outlines a postcolonial use of the theory of fields</subfield>
          </datafield>
          <datafield ind1=" " ind2="7" tag="650">
            <subfield code="a">Soziologie</subfield>
            <subfield code="0">(DE-588)4077624-4</subfield>
            <subfield code="2">gnd</subfield>
          </datafield>
          <datafield ind1=" " ind2="7" tag="650">
            <subfield code="a">Theorie</subfield>
            <subfield code="0">(DE-588)4059787-8</subfield>
            <subfield code="2">gnd</subfield>
          </datafield>
          <datafield ind1="1" ind2=" " tag="700">
            <subfield code="a">Hilgers, Mathieu</subfield>
            <subfield code="d">1979-2015</subfield>
            <subfield code="0">(DE-588)138340986</subfield>
            <subfield code="e">Herausgeber</subfield>
            <subfield code="4">edt</subfield>
          </datafield>
          <datafield ind1="1" ind2=" " tag="700">
            <subfield code="a">Mangez, Eric</subfield>
            <subfield code="0">(DE-588)1156352169</subfield>
            <subfield code="e">Herausgeber</subfield>
            <subfield code="4">edt</subfield>
          </datafield>
          <datafield ind1="0" ind2="1" tag="852">
            <subfield code="a">41SLSP_FHO</subfield>
            <subfield code="6">99116959929005515</subfield>
            <subfield code="9">E</subfield>
          </datafield>
        </record>
      </recordData>
      <recordIdentifier>991171851191305501</recordIdentifier>
      <recordPosition>1</recordPosition>
    </record>
  </records>
  <extraResponseData xmlns:xb="http://www.exlibris.com/repository/search/xmlbeans/">
    <xb:exact>true</xb:exact>
    <xb:responseDate>2025-02-12T01:38:22+0100</xb:responseDate>
  </extraResponseData>
</searchRetrieveResponse>